@misc{linux,
JOURNAL="Linux Documentation Project",
TITLE="Compiling Kernel Modules",
NOTE="\url{http://www.tldp.org/LDP/lkmpg/2.4/html/x208.htm}"
}
